@online{openrisc,
	author	= {{OpenRISC Community}},
	title		= {Architecture},
	year		= {2025},
	url		= {https://openrisc.io/architecture},
	note		= {Consultado el 28 de mayo de 2025}
}

@techreport{geneology,
	author	= {Tony Chen and David A. Patterson},
	title		= {RISC-V Geneology},
	institution 	= {University of California at Berkeley},
	number 	= {UCB/EECS-2016-6},
	year		= {2016},
	url		= {https://www2.eecs.berkeley.edu/Pubs/TechRpts/2016/EECS-2016-6.pdf},
	note		= {Accedido el 28 de mayo de 2025},
}

@online{partners,
	author	= {{RISC-V International}},
	title		= {RISC-V Landscape: Members},
	year		= {2025},
	url		= {https://riscv.landscape2.io/?group=members},
	note		= {Consultado el 28 de mayo de 2025}
}